@book{newton1687principia,
	author = {Newton, Isaac},
	title = {Philosophi{\ae} Naturalis Principia Mathematica},
	year = {1687},
	note = {English translation by Andrew Motte, 1846. Available at: \url{https://cudl.lib.cam.ac.uk/view/PR-ADV-B-00039-00001}}
}

@article{einstein1905electrodynamics,
	author = {Einstein, Albert},
	title = {On the Electrodynamics of Moving Bodies},
	journal = {Annalen der Physik},
	volume = {17},
	pages = {891--921},
	year = {1905},
	note = {\url{https://einsteinpapers.press.princeton.edu/vol2-trans/154}}
}

@article{einstein1916foundation,
	author = {Einstein, Albert},
	title = {The Foundation of the General Theory of Relativity},
	journal = {Annalen der Physik},
	volume = {49},
	pages = {769--822},
	year = {1916},
	note = {English translation at \url{https://einsteinpapers.press.princeton.edu/vol6-trans/186}}
}

@article{bailey1977,
	title={Measurements of relativistic time dilation for positive and negative muons in a circular orbit},
	author={Bailey, J. and Borer, K. and Combley, F. and Drumm, H. and Krienen, F. and Lange, F. and Picasso, E. and von Ruden, W. and Williams, H. and Farley, F.},
	journal={Nature},
	volume={268},
	pages={301--305},
	year={1977},
	publisher={Nature Publishing Group}
}

@article{michelson1879velocity,
	title={The velocity of light},
	author={Michelson, Albert A.},
	journal={American Journal of Science},
	volume={s3-18},
	number={107},
	pages={1--12},
	year={1879},
	publisher={JSTOR},
	doi={10.2475/ajs.s3-18.107.1}
}

@article{evans1972measurement,
	title={Measurement of the Speed of Light Using a Pulsed Laser},
	author={Evans, J. C. and Sagnotti, A.},
	journal={American Journal of Physics},
	volume={40},
	number={9},
	pages={1312--1316},
	year={1972},
	doi={10.1119/1.1986846}
}

@article{Ashby2002,
	author    = {Ashby, N.},
	title     = {Relativity and the Global Positioning System},
	journal   = {Physics Today},
	volume    = {55},
	number    = {5},
	pages     = {41--47},
	year      = {2002},
	doi       = {10.1063/1.1485583}
}

@article{Young1802,
	author    = {Thomas Young},
	title     = {On the Theory of Light and Colours},
	journal   = {Philosophical Transactions of the Royal Society of London},
	volume    = {92},
	pages     = {12--48},
	year      = {1802},
	doi       = {10.1098/rstl.1802.0004}
}